<record><leader>00000cas a2200000 a 4500</leader><controlfield tag="001">25806623</controlfield><controlfield tag="008">920513d1863186uvauwr ne      0    0eng c</controlfield><datafield ind1=" " ind2=" " tag="010"><subfield code="a">sn 92073046 </subfield></datafield><datafield ind1=" " ind2=" " tag="040"><subfield code="a">NVJ</subfield><subfield code="b">eng</subfield><subfield code="c">NVJ</subfield><subfield code="d">NST</subfield><subfield code="d">NVK</subfield><subfield code="d">NVJ</subfield><subfield code="d">NVK</subfield><subfield code="d">OCL</subfield><subfield code="d">CUI</subfield><subfield code="d">OCLCQ</subfield><subfield code="d">OCLCF</subfield></datafield><datafield ind1=" " ind2=" " tag="012"><subfield code="i">9303</subfield></datafield><datafield ind1=" " ind2=" " tag="042"><subfield code="a">pcc</subfield></datafield><datafield ind1=" " ind2=" " tag="043"><subfield code="a">n-us-nc</subfield></datafield><datafield ind1=" " ind2="4" tag="050"><subfield code="a">AN</subfield></datafield><datafield ind1="0" ind2=" " tag="130"><subfield code="a">Weekly register (Petersburg, Va.)</subfield></datafield><datafield ind1="1" ind2="4" tag="245"><subfield code="a">The weekly register.</subfield></datafield><datafield ind1=" " ind2=" " tag="260"><subfield code="a">Petersburg, Va. :</subfield><subfield code="b">J.W. Syme</subfield></datafield><datafield ind1=" " ind2=" " tag="300"><subfield code="a">v.</subfield></datafield><datafield ind1=" " ind2=" " tag="310"><subfield code="a">Weekly</subfield></datafield><datafield ind1="0" ind2=" " tag="362"><subfield code="a">Vol. 67, no. 38 (Oct. 17, 1863)-</subfield></datafield><datafield ind1=" " ind2=" " tag="530"><subfield code="a">Available on microfilm from North Carolina Dept. of Archives and History.</subfield></datafield><datafield ind1=" " ind2="0" tag="651"><subfield code="a">Petersburg (Va.)</subfield><subfield code="v">Newspapers.</subfield></datafield><datafield ind1=" " ind2="7" tag="655"><subfield code="a">Newspapers.</subfield><subfield code="2">fast</subfield><subfield code="0">(OCoLC)fst01423814</subfield></datafield><datafield ind1=" " ind2="7" tag="651"><subfield code="a">Virginia</subfield><subfield code="z">Petersburg.</subfield><subfield code="2">fast</subfield><subfield code="0">(OCoLC)fst01209840</subfield></datafield><datafield ind1=" " ind2=" " tag="752"><subfield code="a">United States</subfield><subfield code="b">Virginia</subfield><subfield code="d">Petersburg.</subfield></datafield><datafield ind1="1" ind2=" " tag="775"><subfield code="t">Daily register (Petersburg, Va.)</subfield><subfield code="w">(DLC)sn 85025892</subfield></datafield><datafield ind1="1" ind2=" " tag="775"><subfield code="t">Semi-weekly register (Petersburg, Va.)</subfield><subfield code="w">(DLC)sn 92073044</subfield><subfield code="w">(OCoLC)25806896</subfield></datafield><datafield ind1="0" ind2="0" tag="780"><subfield code="t">Weekly Raleigh register</subfield><subfield code="w">(DLC)sn 85042119</subfield><subfield code="w">(OCoLC)11798702</subfield></datafield><datafield ind1="0" ind2="1" tag="785"><subfield code="t">Raleigh register (Raleigh, N.C. : 1867 : Weekly)</subfield><subfield code="w">(DLC)sn 85042120</subfield><subfield code="w">(OCoLC)11798854</subfield></datafield><datafield ind1=" " ind2=" " tag="850"><subfield code="a">MnU</subfield></datafield></record>